@misc{model,
	title="Методы представления дискретных данных [Электронный ресурс]", 
	howpublished="Режим доступа: \url{https://www.graphicon.ru/oldgr/ru/library/multires_rep/index.html} (дата обращения: 22.11.2023)"
}

@misc{CG,
		title="Е. А. Снижко. Компьютерная геометрия и графика",
		year=2005
}


@misc{rtx,
	title="RayTracing — царь света и теней [Электронный ресурс]", 
	howpublished="Режим доступа: \url{https://old.computerra.ru/206167/} (дата обращения: 12.11.2023)"
}

@misc{warnok,
	title="Warnock algorithm [Электронный ресурс]", 
	howpublished="Режим доступа: \url{https://www.brainkart.com/article/Warnock-algorithm_5717/} (дата обращения: 20.09.2023)"
}


@misc{light,
	title="Простые модели освещения [Электронный ресурс]", 
	howpublished="Режим доступа: \url{https://cgraph.ru/node/435} (дата обращения: 30.09.2023)"
}

@misc{rodgers,
	title="Роджерс Д.Ф. Алгоритмические основы машинной графики",
	year=1989
}


@misc{cpp,
	title="Руководство по языку программирования C++ [Электронный ресурс]", 
	howpublished="Режим доступа: \url{https://metanit.com/cpp/tutorial/?ysclid=lq8g6j5pxo297336800} (дата обращения: 05.12.2023)"
}

@misc{qt,
	title="QT Documentation [Электронный ресурс]", 
	howpublished="Режим доступа: \url{https://doc.qt.io/qt-6/} (дата обращения: 05.12.2023)"
}


@misc{space,
	title="Моделирование движения космических тел для исследования устойчивости планетарных систем двойных звёзд
	
	Пожалуйста, не забудьте правильно оформить цитату:
	Колпащикова, Д. Д. Моделирование движения космических тел для исследования устойчивости планетарных систем двойных звёзд [Электронный ресурс]", 
	howpublished="Режим доступа: \url{https://moluch.ru/archive/224/52740/} (дата обращения: 07.10.2023)"
}

@misc{windows,
	title="Microsoft.com [Электронный ресурс]",
	howpublished=" \url{https://www.microsoft.com/ru-ru/software-download/windows10} (дата обращения: 27.10.2023) "
}









